<?xml version="1.0" encoding="UTF-8"?>
  <record xmlns="http://www.loc.gov/MARC21/slim" type="Authority">
    <leader>00000nz  a2200000nc 4500</leader>
    <controlfield tag="001">000361844</controlfield>
    <controlfield tag="003">DE-101</controlfield>
    <controlfield tag="005">20220426142934.0</controlfield>
    <controlfield tag="008">890418n||azznnaabn           | ana    |c</controlfield>
    <datafield tag="024" ind1="7" ind2=" ">
      <subfield code="a">36184-7</subfield>
      <subfield code="0">http://d-nb.info/gnd/36184-7</subfield>
      <subfield code="2">gnd</subfield>
    </datafield>
    <datafield tag="035" ind1=" " ind2=" ">
      <subfield code="a">(DE-101)000361844</subfield>
    </datafield>
    <datafield tag="035" ind1=" " ind2=" ">
      <subfield code="a">(DE-588)36184-7</subfield>
    </datafield>
    <datafield tag="035" ind1=" " ind2=" ">
      <subfield code="z">(DE-588)1087262704</subfield>
    </datafield>
    <datafield tag="035" ind1=" " ind2=" ">
      <subfield code="z">(DE-588)16268228-1</subfield>
    </datafield>
    <datafield tag="035" ind1=" " ind2=" ">
      <subfield code="z">(DE-588b)16268228-1</subfield>
      <subfield code="9">v:zg</subfield>
    </datafield>
    <datafield tag="035" ind1=" " ind2=" ">
      <subfield code="z">(DE-588)4192689-4</subfield>
    </datafield>
    <datafield tag="035" ind1=" " ind2=" ">
      <subfield code="z">(DE-588c)4192689-4</subfield>
      <subfield code="9">v:zg</subfield>
    </datafield>
    <datafield tag="035" ind1=" " ind2=" ">
      <subfield code="z">(DE-588b)10291307-9</subfield>
    </datafield>
    <datafield tag="035" ind1=" " ind2=" ">
      <subfield code="z">(DE-101c)320167119</subfield>
    </datafield>
    <datafield tag="035" ind1=" " ind2=" ">
      <subfield code="z">(DE-588b)36184-7</subfield>
      <subfield code="9">v:zg</subfield>
    </datafield>
    <datafield tag="040" ind1=" " ind2=" ">
      <subfield code="a">DE-1</subfield>
      <subfield code="c">DE-1</subfield>
      <subfield code="9">r:DE-1</subfield>
      <subfield code="b">ger</subfield>
      <subfield code="d">9002</subfield>
      <subfield code="e">rda</subfield>
    </datafield>
    <datafield tag="042" ind1=" " ind2=" ">
      <subfield code="a">gnd1</subfield>
    </datafield>
    <datafield tag="043" ind1=" " ind2=" ">
      <subfield code="c">XA-AT-5</subfield>
    </datafield>
    <datafield tag="065" ind1=" " ind2=" ">
      <subfield code="a">6.6</subfield>
      <subfield code="2">sswd</subfield>
    </datafield>
    <datafield tag="075" ind1=" " ind2=" ">
      <subfield code="b">b</subfield>
      <subfield code="2">gndgen</subfield>
    </datafield>
    <datafield tag="075" ind1=" " ind2=" ">
      <subfield code="b">kiz</subfield>
      <subfield code="2">gndspec</subfield>
    </datafield>
    <datafield tag="079" ind1=" " ind2=" ">
      <subfield code="a">g</subfield>
      <subfield code="q">f</subfield>
      <subfield code="q">l</subfield>
      <subfield code="q">s</subfield>
      <subfield code="u">v</subfield>
      <subfield code="u">z</subfield>
      <subfield code="u">w</subfield>
      <subfield code="u">o</subfield>
    </datafield>
    <datafield tag="110" ind1="2" ind2=" ">
      <subfield code="a">Universität Salzburg</subfield>
    </datafield>
    <datafield tag="410" ind1="2" ind2=" ">
      <subfield code="a">University</subfield>
      <subfield code="g">Salzburg</subfield>
    </datafield>
    <datafield tag="410" ind1="2" ind2=" ">
      <subfield code="a">Paris-Lodron-Universität</subfield>
    </datafield>
    <datafield tag="410" ind1="2" ind2=" ">
      <subfield code="a">Paris-Lodron-Universität Salzburg</subfield>
    </datafield>
    <datafield tag="410" ind1="2" ind2=" ">
      <subfield code="a">Lodron-Universität</subfield>
    </datafield>
    <datafield tag="410" ind1="2" ind2=" ">
      <subfield code="a">Universitas Salisburgensis</subfield>
    </datafield>
    <datafield tag="410" ind1="2" ind2=" ">
      <subfield code="a">Universitas Salzburgensis</subfield>
    </datafield>
    <datafield tag="410" ind1="2" ind2=" ">
      <subfield code="a">Caesareo-Regia Universitas Salzburgensis</subfield>
    </datafield>
    <datafield tag="410" ind1="2" ind2=" ">
      <subfield code="a">Archiepiscopalis Universitas Salzburgensis</subfield>
    </datafield>
    <datafield tag="410" ind1="2" ind2=" ">
      <subfield code="a">PLUS</subfield>
      <subfield code="4">abku</subfield>
      <subfield code="4">https://d-nb.info/standards/elementset/gnd#abbreviatedNameForTheCorporateBody</subfield>
      <subfield code="w">r</subfield>
      <subfield code="i">Abkuerzung</subfield>
      <subfield code="e">Abkuerzung</subfield>
    </datafield>
    <datafield tag="510" ind1="2" ind2=" ">
      <subfield code="0">(DE-101)953538796</subfield>
      <subfield code="0">(DE-588)5272877-8</subfield>
      <subfield code="0">https://d-nb.info/gnd/5272877-8</subfield>
      <subfield code="a">Königliches Lyceum</subfield>
      <subfield code="g">Salzburg</subfield>
      <subfield code="4">nazw</subfield>
      <subfield code="4">https://d-nb.info/standards/elementset/gnd#temporaryNameOfTheCorporateBody</subfield>
      <subfield code="w">r</subfield>
      <subfield code="i">Zeitweiser Name</subfield>
      <subfield code="e">Zeitweiser Name</subfield>
    </datafield>
    <datafield tag="510" ind1="2" ind2=" ">
      <subfield code="0">(DE-101)960004696</subfield>
      <subfield code="0">(DE-588)10010121-5</subfield>
      <subfield code="0">https://d-nb.info/gnd/10010121-5</subfield>
      <subfield code="a">Kaiserlich-Königliches Lyceum</subfield>
      <subfield code="g">Salzburg</subfield>
      <subfield code="4">nazw</subfield>
      <subfield code="4">https://d-nb.info/standards/elementset/gnd#temporaryNameOfTheCorporateBody</subfield>
      <subfield code="w">r</subfield>
      <subfield code="i">Zeitweiser Name</subfield>
      <subfield code="e">Zeitweiser Name</subfield>
    </datafield>
    <datafield tag="510" ind1="2" ind2=" ">
      <subfield code="0">(DE-101)960004564</subfield>
      <subfield code="0">(DE-588)10010111-2</subfield>
      <subfield code="0">https://d-nb.info/gnd/10010111-2</subfield>
      <subfield code="a">Theologische Fakultät</subfield>
      <subfield code="g">Salzburg</subfield>
      <subfield code="4">nazw</subfield>
      <subfield code="4">https://d-nb.info/standards/elementset/gnd#temporaryNameOfTheCorporateBody</subfield>
      <subfield code="w">r</subfield>
      <subfield code="i">Zeitweiser Name</subfield>
      <subfield code="e">Zeitweiser Name</subfield>
    </datafield>
    <datafield tag="510" ind1="2" ind2=" ">
      <subfield code="0">(DE-101)004363140</subfield>
      <subfield code="0">(DE-588)1080957-0</subfield>
      <subfield code="0">https://d-nb.info/gnd/1080957-0</subfield>
      <subfield code="a">Katholisch-Theologische Fakultät</subfield>
      <subfield code="g">Salzburg</subfield>
      <subfield code="4">nazw</subfield>
      <subfield code="4">https://d-nb.info/standards/elementset/gnd#temporaryNameOfTheCorporateBody</subfield>
      <subfield code="w">r</subfield>
      <subfield code="i">Zeitweiser Name</subfield>
      <subfield code="e">Zeitweiser Name</subfield>
    </datafield>
    <datafield tag="548" ind1=" " ind2=" ">
      <subfield code="a">01.11.1623-25.11.1810</subfield>
      <subfield code="4">datb</subfield>
      <subfield code="4">https://d-nb.info/standards/elementset/gnd#dateOfEstablishmentAndTermination</subfield>
      <subfield code="w">r</subfield>
      <subfield code="i">Zeitraum</subfield>
    </datafield>
    <datafield tag="548" ind1=" " ind2=" ">
      <subfield code="a">05.07.1962-</subfield>
      <subfield code="4">datb</subfield>
      <subfield code="4">https://d-nb.info/standards/elementset/gnd#dateOfEstablishment</subfield>
      <subfield code="w">r</subfield>
      <subfield code="i">Zeitraum</subfield>
    </datafield>
    <datafield tag="550" ind1=" " ind2=" ">
      <subfield code="0">(DE-101)040617785</subfield>
      <subfield code="0">(DE-588)4061778-6</subfield>
      <subfield code="0">https://d-nb.info/gnd/4061778-6</subfield>
      <subfield code="a">Universität</subfield>
      <subfield code="4">obin</subfield>
      <subfield code="4">https://d-nb.info/standards/elementset/gnd#broaderTermInstantial</subfield>
      <subfield code="w">r</subfield>
      <subfield code="i">Oberbegriff instantiell</subfield>
    </datafield>
    <datafield tag="551" ind1=" " ind2=" ">
      <subfield code="0">(DE-101)040769828</subfield>
      <subfield code="0">(DE-588)4076982-3</subfield>
      <subfield code="0">https://d-nb.info/gnd/4076982-3</subfield>
      <subfield code="a">Salzburg</subfield>
      <subfield code="4">orta</subfield>
      <subfield code="4">https://d-nb.info/standards/elementset/gnd#placeOfBusiness</subfield>
      <subfield code="w">r</subfield>
      <subfield code="i">Ort</subfield>
    </datafield>
    <datafield tag="551" ind1=" " ind2=" ">
      <subfield code="0">(DE-101)040514234</subfield>
      <subfield code="0">(DE-588)4051423-7</subfield>
      <subfield code="0">https://d-nb.info/gnd/4051423-7</subfield>
      <subfield code="a">Land Salzburg</subfield>
      <subfield code="4">geow</subfield>
      <subfield code="4">https://d-nb.info/standards/elementset/gnd#spatialAreaOfActivity</subfield>
      <subfield code="w">r</subfield>
      <subfield code="i">Wirkungsraum</subfield>
    </datafield>
    <datafield tag="667" ind1=" " ind2=" ">
      <subfield code="a">MMi</subfield>
    </datafield>
    <datafield tag="667" ind1=" " ind2=" ">
      <subfield code="a">RDA-Release 10.2015</subfield>
    </datafield>
    <datafield tag="667" ind1=" " ind2=" ">
      <subfield code="a">Die verknüpften Körperschaften entsprechen ggf. noch nicht den Übergangsregeln</subfield>
    </datafield>
    <datafield tag="667" ind1=" " ind2=" ">
      <subfield code="a">AdB</subfield>
    </datafield>
    <datafield tag="667" ind1=" " ind2=" ">
      <subfield code="a">ISBN 9783901513</subfield>
    </datafield>
    <datafield tag="670" ind1=" " ind2=" ">
      <subfield code="a">Festschr. "Die Salzburger Univ. 1622-1964"</subfield>
    </datafield>
    <datafield tag="670" ind1=" " ind2=" ">
      <subfield code="a">ÖAmtskal.</subfield>
    </datafield>
    <datafield tag="670" ind1=" " ind2=" ">
      <subfield code="a">Adressb. deutschspr. Buchhandel (2014)</subfield>
    </datafield>
    <datafield tag="670" ind1=" " ind2=" ">
      <subfield code="a">Homepage</subfield>
      <subfield code="b">Stand: 31.08.2021</subfield>
      <subfield code="u">https://www.plus.ac.at/</subfield>
    </datafield>
    <datafield tag="678" ind1=" " ind2=" ">
      <subfield code="b">Gründungsdatum d. Univ. ist eigentlich der 9.3.1620, da die kaiserl. Urkunde der Verleihung der Universitätsrechte auf dieses Datum zurückdatiert wurde; diese Universitätsprivilegien wurden von bayerischen Landesverwaltung am 25.11.1810 aufgehoben und die Universität in ein Lyzeum umgewandelt; durch Bundesgesetz vom 5.7.1962 (Rechtskraft 1.10.1962) wieder als Universität errichtet; die Katholisch-Theolog. Fakultät ist die 1. und einzige Fakultät der wiedererrichteten Univ., weitere Fakultäten folgten ab WS 1963/64</subfield>
    </datafield>
    <datafield tag="913" ind1=" " ind2=" ">
      <subfield code="S">gkd</subfield>
      <subfield code="i">a</subfield>
      <subfield code="a">Universität &lt;Salzburg&gt;</subfield>
      <subfield code="0">(DE-588b)36184-7</subfield>
    </datafield>
    <datafield tag="913" ind1=" " ind2=" ">
      <subfield code="S">swd</subfield>
      <subfield code="i">c</subfield>
      <subfield code="a">Salzburg / Universität Salzburg</subfield>
      <subfield code="0">(DE-588c)4192689-4</subfield>
    </datafield>
    <datafield tag="913" ind1=" " ind2=" ">
      <subfield code="S">gkd</subfield>
      <subfield code="i">a</subfield>
      <subfield code="a">Universität &lt;Salzburg&gt;</subfield>
      <subfield code="0">(DE-588b)16268228-1</subfield>
    </datafield>
  </record>
